@INPROCEEDINGS{first,
author={Abrahim Ladha},
booktitle{who gives a heck},
}
